@book{koza92,
		author    = "Koza, John R.",
		title     = "Genetic Programming: On the Programming of Computers by Means of Natural Selection",
		publisher = "MIT Press",
		year      = "1992"
}


@misc{ wiki:latex,
       author = "Wikipedia",
       title = "LaTeX --- Wikipedia{,} La enciclopedia libre",
       year = "2015",
       howpublished = {\url{https://es.wikipedia.org/w/index.php?title=LaTeX&oldid=84209252}},
       note = "[Internet; descargado 30-septiembre-2015]"
}


@article{bortolot2005,
  title={Estimating forest biomass using small footprint LiDAR data: An individual tree-based approach that incorporates training data},
  author={Bortolot, Zachary J and Wynne, Randolph H},
  journal={ISPRS Journal of Photogrammetry and Remote Sensing},
  volume={59},
  number={6},
  pages={342--360},
  year={2005},
  publisher={Elsevier}
}


@misc{ wiki:scrum,
       author = "Wikipedia",
       title = "Scrum (desarrollo de software)",
       year = "2024",
       howpublished = {\url{https://es.wikipedia.org/wiki/Scrum_(desarrollo_de_software)}}
}

@misc{gitflow,
       author = "Aula de Software Libre",
       title = "Flujo de trabajo con Git (git flow)",
       howpublished = {\url{https://aulasoftwarelibre.github.io/taller-de-git/gitflow/}}
}

@misc{mvvm,
       author = "Flutter Guru",
       title = "Flutter MVVM Architecture",
       year = "2022",
       howpublished = {\url{https://blog.devgenius.io/flutter-mvvm-architecture-with-provider-a81164ef6da6}}
}

@misc{github,
       author = "Gustavo B.",
       title = "Qué es GitHub y cómo empezar a usarlo",
       year = "2023",
       howpublished = {\url{https://www.hostinger.es/tutoriales/que-es-github}}
}

@misc{bitbucket,
       author = "Atlassian Bitbucket",
       title = "Breve presentación de BitBucket",
       year = "2024",
       howpublished = {\url{https://bitbucket.org/product/es/guides/getting-started/overview#a-brief-overview-of-bitbucket}}
}

@misc{wiki:gitlab,
       author = "Wikipedia",
       title = "GitLab",
       year = "2024",
       howpublished = {\url{https://es.wikipedia.org/wiki/GitLab}}
}


@misc{wiki:git,
       author = "Wikipedia",
       title = "Git",
       year = "2024",
       howpublished = {\url{https://es.wikipedia.org/wiki/Git}}
}


@misc{flutter,
       author = "aures tic",
       title = "¿Qué es Flutter?",
       howpublished = {\url{https://aurestic.es/que-es-flutter/}}
}


@misc{dart,
       author = "Juan Gabriel Gomila",
       title = "¿Qué es Dart? Historia, Características y Ventajas de Aprenderlo",
       year = "2023",
       howpublished = {\url{https://cursos.frogamesformacion.com/pages/blog/que-es-dart}}
}


@misc{flutterflow,
       author = "Mateus Castelo",
       title = "FlutterFlow | La revolución en la creación de apps nocode",
       howpublished = {\url{https://nocodestartup.io/es/flutterflow/#:~:text=Conclusi%C3%B3n%20sobre%20FlutterFlow-,%C2%BFQu%C3%A9%20es%20FlutterFlow%3F,e%20inserta%20l%C3%B3gica%20en%20ella.}}
}

@misc{codemagic,
       author = "Codemagic",
       title = "Welcome to Codemagic",
       howpublished = {\url{https://docs.codemagic.io/getting-started/about-codemagic/}}
}

